%% FIX All the warnings

@inproceedings{TODO,
        author = {TODO},
        title = {TODO},
        booktitle = {Proceedings of TODO},
        series = {TODO},
        year = 2050,
        address = {TODO Land},
        pages = {0--0},
        publisher = {TODO Corp},
}


@article{church_formulation_1940,
	title = {A Formulation of the Simple Theory of Types},
	volume = 5,
	issn = {0022-4812},
	url = {http://doi.org/10.2307/2266170},
	doi = {10.2307/2266170},
	pages = {56--68},
	number = 2,
	journal = {The Journal of Symbolic Logic},
	booktitle = {The Journal of Symbolic Logic},
	author = {Church, Alonzo},
	urldate = {2018-06-18},
	year = 1940
}

@phdthesis{girard_interpretation_1972,
  title={Interpr{\'e}tation fonctionnelle et {\'e}limination des coupures de l'arithm{\'e}tique d'ordre sup{\'e}rieur},
  author={Girard, Jean-Yves},
  year=1972,
  school={{\'E}diteur inconnu}
}


@article{strachey_fundamental_2000,
	title = {Fundamental Concepts in Programming Languages},
	volume = {13},
	issn = {1573-0557},
	url = {https://doi.org/10.1023/A:1010000313106},
	doi = {10.1023/A:1010000313106},
	pages = {11--49},
	number = {1},
	year = {2000},
	journal = {Higher-Order and Symbolic Computation},
	author = {Strachey, Christopher},
	urldate = {2022-10-13},
	date = {2000-04-01},
	langid = {english}
}



@inproceedings{eisenberg_typefamilies_2014,
        author = {Eisenberg, Richard A. and Vytiniotis, Dimitrios and {Peyton Jones}, Simon and Weirich, Stephanie},
        title = {Closed Type Families with Overlapping Equations},
	url = {https://doi.org/10.1145/2535838.2535856},
	doi = {10.1145/2535838.2535856},
        booktitle = {Proceedings of the 41st ACM SIGPLAN-SIGACT Symposium on Principles of Programming Languages},
        series = {POPL '14},
        year = 2014,
        address = {San Diego, California, USA},
        pages = {671--683},
        publisher = {ACM},
}


@inproceedings{weirich_generative_2011,
	address = {New York, {NY}, {USA}},
	title = {Generative type abstraction and type-level computation},
	isbn = {978-1-4503-0490-0},
	url = {https://doi.org/10.1145/1926385.1926411},
	doi = {10.1145/1926385.1926411},
	series = {{POPL} '11},
	pages = {227--240},
	booktitle = {Proceedings of the 38th annual {ACM} {SIGPLAN}-{SIGACT} symposium on Principles of programming languages},
	publisher = {Association for Computing Machinery},
	author = {Weirich, Stephanie and Vytiniotis, Dimitrios and Peyton Jones, Simon and Zdancewic, Steve},
	year = 2011
}


@inproceedings{breitner_safe_2014,
	address = {New York, {NY}, {USA}},
	title = {Safe zero-cost coercions for Haskell},
	isbn = {978-1-4503-2873-9},
	url = {https://doi.org/10.1145/2628136.2628141},
	doi = {10.1145/2628136.2628141},
	series = {{ICFP} '14},
	pages = {189--202},
	booktitle = {Proceedings of the 19th {ACM} {SIGPLAN} international conference on Functional programming},
	publisher = {Association for Computing Machinery},
	author = {Breitner, Joachim and Eisenberg, Richard A. and Peyton Jones, Simon and Weirich, Stephanie},
	year = 2014
}



@article{morris_typefamilies_2017,
        author     = {Morris, J. Garrett and Eisenberg, Richard A.},
        title      = {Constrained Type Families},
        journal    = {Proc. ACM Program. Lang.},
        issue_date = {September 2017},
        volume     = {1},
        number     = {ICFP},
        month      = aug,
        year       = {2017},
        issn       = {2475-1421},
        pages      = {42:1--42:28},
        articleno  = {42},
        numpages   = {28},
        url        = {http://doi.acm.org/10.1145/3110286},
        doi        = {10.1145/3110286},
        acmid      = {3110286},
        publisher  = {ACM},
        address    = {New York, NY, USA},
        keywords   = {Haskell, Type classes, Type families, Type-level computation},
}

@inproceedings{jones_tcfd_2000,
        author = {Jones, Mark P.},
        title = {Type Classes with Functional Dependencies},
        doi= {10.1007/3-540-46425-5_15},
        url={https://doi.org/10.1007/3-540-46425-5_15},
        booktitle = {Proceedings of the 9th European Symposium on Programming Languages and Systems},
        series = {ESOP '00},
        year = 2000,
        pages = {230--244},
        publisher = {Springer-Verlag},
        address = {Berlin, Germany},
}


@inproceedings{jones_modular_1996,
	address = {New York, {NY}, {USA}},
	title = {Using parameterized signatures to express modular structure},
	isbn = {978-0-89791-769-8},
	url = {https://doi.org/10.1145/237721.237731},
	doi = {10.1145/237721.237731},
	series = {{POPL} '96},
	pages = {68--78},
	booktitle = {Proceedings of the 23rd {ACM} {SIGPLAN}-{SIGACT} symposium on Principles of programming languages},
	publisher = {Association for Computing Machinery},
	author = {Jones, Mark P.},
	urldate = {2023-02-17},
	date = {1996-01-01},
	year = 1996
}


@inproceedings{kaes_parametric_1988,
	address = {Berlin, Heidelberg},
	title = {Parametric overloading in polymorphic programming languages},
	isbn = {978-3-540-38941-5},
	doi = {10.1007/3-540-19027-9_9},
	series = {Lecture Notes in Computer Science},
	pages = {131--144},
	booktitle = {{ESOP} '88},
	publisher = {Springer},
	author = {Kaes, Stefan},
	editor = {Ganzinger, H.},
	year = 1988
}

@inproceedings{wadler_polymorphism_1989,
        author = {Wadler, Philip  and Blott, Stephen},
        title = {How to make ad-hoc polymorphism less ad hoc},
        booktitle = {Proceedings of the 16th ACM SIGPLAN-SIGACT symposium on Principles of programming languages},
        url = {https://doi.org/10.1145/75277.75283},
        doi = {10.1145/75277.75283},
        series = {POPL '89},
        year = {1989},
        pages = {60--76},
        address = {Austin, Texas, USA},
        publisher = {ACM},
}


@inproceedings{wadler_girard-reynolds_2001,
	address = {Berlin, Heidelberg},
	title = {The Girard-Reynolds Isomorphism},
	isbn = {978-3-540-45500-4},
	doi = {10.1007/3-540-45500-0_24},
	series = {Lecture Notes in Computer Science},
	pages = {468--491},
	booktitle = {Theoretical Aspects of Computer Software},
	publisher = {Springer},
	author = {Wadler, Philip},
	editor = {Kobayashi, Naoki and Pierce, Benjamin C.},
	year = 2001,
	address = {Heidelberg, Berlin, Germany}
}



@inproceedings{reynolds_types_1983,
	title = {Types, abstraction and parametric polymorphism},
	pages = {513--523},
	booktitle = {Information Processing 83, Proceedings of the {IFIP} 9th World Computer Congres},
	author = {Reynolds, John C},
	year = {1983},
	publisher = {Elsevier Science Publishers},
	address = {North-Holland, Amsterdam}
}


@book{jones_qualified_1994,
	address = {Cambridge, {UK}},
	title = {Qualified Types: Theory and Practice},
	isbn = {978-0-521-54326-2},
	shorttitle = {Qualified Types},
	pagetotal = {176},
	publisher = {Cambridge University Press},
	author = {Jones, Mark P.},
	date = {1994},
	year = {1994},
	langid = {english},
	url = {https://doi.org/10.1017/CBO9780511663086},
	doi = {10.1017/CBO9780511663086},
}

@inproceedings{amstrong_dependency_1974,
	title={Dependency Structures of Data Base Relationships},
	author={Armstrong, William Ward},
	booktitle={IFIP congress},
	volume={74},
	pages={580--583},
	year={1974},
	publisher={North- Holland Pub. Co.},
	address={Geneva, Switzerland},
}

@article{codd_realtional_1970,
        author = {Codd, E. F.},
        title = {A Relational Model of Data for Large Shared Data Banks},
        year = {1970},
        issue_date = {June 1970},
        publisher = {Association for Computing Machinery},
        address = {New York, NY, USA},
        volume = {13},
        number = {6},
        issn = {0001-0782},
        url = {https://doi.org/10.1145/362384.362685},
        doi = {10.1145/362384.362685},
        journal = {Commun. ACM},
        month = jun,
        pages = {377–387},
        numpages = {11},
}

@article{karachalias_elaboration_2017,
	title = {Elaboration on functional dependencies: functional dependencies are dead,
	long live functional dependencies},
	volume = 52,
	issn = {0362-1340},
	url = {https://doi.org/10.1145/3156695.3122966},
	doi = {10.1145/3156695.3122966},
	shorttitle = {Elaboration on functional dependencies},
	pages = {133--147},
	number = 10,
	journal = {{ACM} {SIGPLAN} Notices},
	series = {Haskell '17},
	shortjournal = {{SIGPLAN} Not.},
	author = {Karachalias, Georgios and Schrijvers, Tom},
	urldate = {2021-07-05},
	year = 2017,
	date = {2017-09-07},
	keywords = {Haskell, functional dependencies, System {FC}},
}



@incollection{dybjer_inductive_1991,
	title = {Inductive sets and families in Martin-Löf's type theory and their set-theoretic semantics},
	isbn = {978-0-521-41300-8},
	url = {https://www.cambridge.org/core/books/logical-frameworks/inductive-sets-and-families-in-martinlofs-type-theory-and-their-settheoretic-semantics/F157755D8C6698A6E7E290391108EA6E},
	pages = {280--306},
	booktitle = {Logical Frameworks},
	publisher = {Cambridge University Press},
	author = {Dybjer, Peter},
	editor = {Plotkin, G. and Huet, Gerard},
	year = 1991,
	address = {Cambridge, UK},
	doi = {10.1017/CBO9780511569807.012}
}

@article{dybjer_inductive_1994,
	title = {Inductive families},
	volume = 6,
	issn = {1433-299X},
	url = {https://doi.org/10.1007/BF01211308},
	doi = {10.1007/BF01211308},
	pages = {440--465},
	number = 4,
	journal = {Formal Aspects of Computing},
	shortjournal = {Formal Aspects of Computing},
	author = {Dybjer, Peter},
	date = {1994-07-01},
	year = 1994,
	langid = {english},
	keywords = {Inductive definitions, Intuitionistic type theory, Natural deduction},
}



@inproceedings{xi_dead_1998,
	address = {Berlin, Heidelberg},
	title = {Dead Code Elimination through Dependent Types},
	isbn = {978-3-540-49201-6},
	doi = {10.1007/3-540-49201-1_16},
	series = {Lecture Notes in Computer Science},
	pages = {228--242},
	booktitle = {Practical Aspects of Declarative Languages},
	publisher = {Springer},
	author = {Xi, Hongwei},
	editor = {Gupta, Gopal},
	date = 1998,
	year = 1998
}


@article{graf_lower_2020,
	title = {Lower your guards: a compositional pattern-match coverage checker},
	volume = 4,
	url = {https://dl.acm.org/doi/10.1145/3408989},
	doi = {10.1145/3408989},
	shorttitle = {Lower your guards},
	pages = {107:1--107:30},
	issue = {{ICFP}},
	journal = {Proceedings of the {ACM} on Programming Languages},
	shortjournal = {Proc. {ACM} Program. Lang.},
	author = {Graf, Sebastian and Peyton Jones, Simon and Scott, Ryan G.},
	urldate = {2023-08-03},
	date = {2020-08-03},
	year = 2020,
	keywords = {guards, Haskell, pattern matching, strictness},
}


@techreport{garrigue_gadt_2011,
    title = {Adding GADTs to OCaml: the direct approach},
    year = 2011,
    url  = {https://www.math.nagoya-u.ac.jp/~garrigue/papers/ml2011.pdf},
    author = {Garrigue, Jacques and Le Normand, Jacques},
    place = {OCaml Workshop 2011},
    address = {Paris, France},
    institution = {Nagoya University, Lexifi}
}

@techreport{peyton_jones_wobbly_2004,
	title = {Wobbly Types: Type Inference For Generalised Algebraic Data Types},
	url = {https://www.microsoft.com/en-us/research/publication/wobbly-types-type-inference-for-generalised-algebraic-data-types/},
	number = {{MS}-{CIS}-05-26},
	author = {Peyton Jones, Simon and Washburn, Geoffrey and Weirich, Stephanie},
	date = {2004-07},
	year = 2004,
	institution = {Microsoft Research}
}


@inproceedings{jones_language_2008,
	address = {New York, {NY}, {USA}},
	title = {Language and program design for functional dependencies},
	isbn = {978-1-60558-064-7},
	url = {https://doi.org/10.1145/1411286.1411298},
	doi = {10.1145/1411286.1411298},
	series = {Haskell '08},
	year = {2008},
	pages = {87--98},
	booktitle = {Proceedings of the first {ACM} {SIGPLAN} symposium on Haskell},
	publisher = {Association for Computing Machinery},
	author = {Jones, Mark P. and Diatchki, Iavor S.},
	urldate = {2021-07-02},
	date = {2008-09-25},
}

@article{robinson_machine-oriented_1965,
	title = {A Machine-Oriented Logic Based on the Resolution Principle},
	volume = {12},
	issn = {0004-5411},
	url = {http://doi.acm.org/10.1145/321250.321253},
	doi = {10.1145/321250.321253},
	pages = {23--41},
	number = {1},
	journaltitle = {J. {ACM}},
	journal = {J. {ACM}},
	author = {Robinson, J. A.},
	date = {1965-01},
	year = {1965},
}


@inproceedings{chakravarty_associated_2005,
	address = {New York, {NY}, {USA}},
	title = {Associated types with class},
	isbn = {978-1-58113-830-6},
	url = {http://doi.org/10.1145/1040305.1040306},
	doi = {10.1145/1040305.1040306},
	series = {{POPL} '05},
	pages = {1--13},
	booktitle = {Proceedings of the 32nd {ACM} {SIGPLAN}-{SIGACT} symposium on Principles of programming languages},
	publisher = {Association for Computing Machinery},
	author = {Chakravarty, Manuel M. T. and Keller, Gabriele and Jones, Simon Peyton and Marlow, Simon},
	urldate = {2021-01-26},
	date = {2005-01-12},
	year = 2005
}


@article{schrijvers_type_2008,
	title = {Type checking with open type functions},
	volume = {43},
	issn = {0362-1340},
	url = {https://doi.org/10.1145/1411203.1411215},
	doi = {10.1145/1411203.1411215},
	series = {{ICFP} '08},
	pages = {51--62},
	number = {9},
	journaltitle = {{ACM} {SIGPLAN} Notices},
	journal = {{ACM} {SIGPLAN} Notices},
	shortjournal = {{SIGPLAN} Not.},
	author = {Schrijvers, Tom and Peyton Jones, Simon and Chakravarty, Manuel and Sulzmann, Martin},
	urldate = {2021-05-14},
	date = {2008-09-20},
	year = {2008},
	address={New York, {NY}, {USA}},
}


@article{sulzmann_understanding_2007,
	title = {Understanding functional dependencies via constraint handling rules},
	volume = {17},
	issn = {0956-7968},
	url = {https://doi.org/10.1017/S0956796806006137},
	doi = {10.1017/S0956796806006137},
	pages = {83--129},
	number = {1},
	journaltitle = {Journal of Functional Programming},
	journal = {Journal of Functional Programming},
	shortjournal = {J. Funct. Program.},
	author = {Sulzmann, Martin and Duck, Gregory J. and Peyton-Jones, Simon and Stuckey, Peter J.},
	urldate = {2021-07-05},
	date = {2007-01-01},
	year = {2007},
}



@article{schrijvers_towards_2007,
	title = {Towards open type functions for Haskell},
	url = {https://www.microsoft.com/en-us/research/publication/towards-open-type-functions-haskell/},
	author = {Schrijvers, Tom and Sulzmann, Martin and Jones, Simon Peyton and Chakravarty, Manuel},
	date = {2007-01-01},
	year = {2007},
	series = {IFL '07},
	langid = {american},
}


@inproceedings{sulzmann_system_2007,
	address = {New York, {NY}, {USA}},
	title = {System F with type equality coercions},
	isbn = {978-1-59593-393-5},
	url = {https://doi.org/10.1145/1190315.1190324},
	doi = {10.1145/1190315.1190324},
	series = {{TLDI} '07},
	pages = {53--66},
	booktitle = {Proceedings of the 2007 {ACM} {SIGPLAN} international workshop on Types in languages design and implementation},
	publisher = {Association for Computing Machinery},
	author = {Sulzmann, Martin and Chakravarty, Manuel M. T. and Jones, Simon Peyton and Donnelly, Kevin},
	date = {2007-01-16},
	year = 2007,
}



@inproceedings{lassez_unification_1988,
	address = {Berlin, Heidelberg},
	title = {Unification revisited},
	isbn = {978-3-540-39126-5},
	doi = {10.1007/3-540-19129-1_4},
	series = {Lecture Notes in Computer Science},
	pages = {67--113},
	booktitle = {Foundations of Logic and Functional Programming},
	publisher = {Springer},
	author = {Lassez, J. -L. and Maher, M. J. and Marriott, K.},
	editor = {Boscarol, Mauro and Carlucci Aiello, Luigia and Levi, Giorgio},
	date = 1988,
	year = 1998,
	langid = {english},
}


@book{girard_proofs_1989,
	address = {New York, {NY}, {USA}},
	title = {Proofs and Types},
	isbn = {978-0-521-37181-0},
	publisher = {Cambridge University Press},
	address = {New York, {NY}, {USA}},
	author = {Girard, Jean-Yves and Taylor, Paul and Lafont, Yves},
	date = {1989},
	year = {1989},
}


@inproceedings{reynolds_towards_1974,
	title = {Towards a theory of type structure},
	isbn = {978-3-540-37819-8},
	series = {Lecture Notes in Computer Science},
	pages = {408--425},
	booktitle = {Programming Symposium},
	publisher = {Springer Berlin Heidelberg},
	author = {Reynolds, John C.},
	address = {Syracuse, {NY}, {USA}},
	editor = {Robinet, B.},
	date = {1974},
	year = {1974},
	langid = {english},
}



@article{dreyer_modular_2007,
	title = {Modular type classes},
	volume = 42,
	issn = {0362-1340},
	url = {http://doi.org/10.1145/1190215.1190229},
	doi = {10.1145/1190215.1190229},
	pages = {63--70},
	number = 1,
	journal = {{ACM} {SIGPLAN} Notices},
	shortjournal = {{SIGPLAN} Not.},
	author = {Dreyer, Derek and Harper, Robert and Chakravarty, Manuel M. T. and Keller, Gabriele},
	urldate = {2020-06-24},
	date = {2007-01-17},
	year = 2007,
	keywords = {type systems, type classes, modules, type inference}
}


@inproceedings{wehr_ml_2008,
	address = {Berlin, Heidelberg},
	title = {{ML} Modules and Haskell Type Classes: A Constructive Comparison},
	isbn = {978-3-540-89330-1},
	doi = {10.1007/978-3-540-89330-1_14},
	series = {Lecture Notes in Computer Science},
	shorttitle = {{ML} Modules and Haskell Type Classes},
	pages = {188--204},
	booktitle = {Programming Languages and Systems},
	publisher = {Springer},
	author = {Wehr, Stefan and Chakravarty, Manuel M. T.},
	editor = {Ramalingam, G.},
	date = 2008,
	year = 2008,
	langid = {english},
	keywords = {Type Class, Abstract Type, Formal Translation, Module System, Type Component}
}


@inproceedings{milner_logic_1975,
  title={A Logic for Computable Functions with Reflexive and Polymorphic Types},
  author = {R. Milner and L. Morris and M. Newey},
  year = 1975,
  language = {English},
  pages = {371--394},
  booktitle = {Proceedings of the Conference on Proving and Improving Programs},
  publisher = {IRIA-Laboria},
  address = {France}
}

@article{milner_theory_1978,
	title = {A theory of type polymorphism in programming},
	volume = {17},
	issn = {0022-0000},
	url = {http://www.sciencedirect.com/science/article/pii/0022000078900144},
	doi = {10.1016/0022-0000(78)90014-4},
	pages = {348--375},
	number = {3},
	journaltitle = {Journal of Computer and System Sciences},
	journal = {Journal of Computer and System Sciences},
	author = {Milner, Robin},
	year = {1978},
	date = {1978-12-01},
}


@article{newman_theories_1942,
	title = {On Theories with a Combinatorial Definition of "Equivalence"},
	volume = {43},
	issn = {0003-486X},
	url = {https://www.jstor.org/stable/1968867},
	doi = {10.2307/1968867},
	pages = {223--243},
	number = {2},
	journaltitle = {Annals of Mathematics},
	journal = {Annals of Mathematics},
	author = {Newman, M. H. A.},
	date = {1942},
	year = {1942},
}



@article{wright_syntactic_1994,
	title = {A Syntactic Approach to Type Soundness},
	volume = {115},
	issn = {0890-5401},
	url = {http://www.sciencedirect.com/science/article/pii/S0890540184710935},
	doi = {10.1006/inco.1994.1093},
	pages = {38--94},
	number = {1},
	journaltitle = {Information and Computation},
	shortjournal = {Information and Computation},
	journal = {Information and Computation},
	author = {Wright, A. K. and Felleisen, M.},
	urldate = {2018-02-09},
	date = {1994-11-15},
	year = {1994},
}


@book{bezem_term_2003,
	title = {Term Rewriting Systems},
	isbn = {978-0-521-39115-3},
	series = {Cambridge Tracts in Theoretical Computer Science},
	publisher = {Cambridge University Press},
	address = {{UK}},
	author = {Bezem, M. and Klop, J.W. and Barendsen, E. and de Vrijer, R. and {Terese}},
	date = {2003},
	year = {2003},
	lccn = {2002067658},
}

@online{ghc_2020,
  title={The Glasgow Haskell Compiler},
  url={https://downloads.haskell.org/ghc/8.8.4/},
  author={{The GHC Team}},
  organization={The GHC Team},
  year={2020},
  date={2020}
}

@online{haskell_2010,
  title={Haskell Language Report 2010},
  url={https://www.haskell.org/onlinereport/haskell2010/},
  author={Marlow, Simon and Peyton Jones, Simon},
  organization = {The Haskell Foundation},
  year={2010}
}

@inproceedings{white_modular_2014,
  author    = {White, Leo and Bour, Fr\'ed\'eric and Yallop, Jeremy},
  year      = 2015,
  title     = {Modular implicits},
  editor    = {Kiselyov, Oleg and Garrigue, Jacques},
  booktitle = {{Proceedings}
               ML Family/OCaml Users and Developers workshops,
               {Gothenburg, Sweden, September 4-5, 2014}},
  series    = {Electronic Proceedings in Theoretical Computer Science},
  volume    = 198,
  publisher = {Open Publishing Association},
  pages     = {22-63},
  doi       = {10.4204/EPTCS.198.2},
  url       = {https://doi.org/10.4204/EPTCS.198.2},
  address   = {Gothenburg, Sweden}
}

@article{oliveira_typeclasses_2010,
	title = {Type classes as objects and implicits},
	volume = 45,
	issn = {0362-1340},
	url = {https://doi.org/10.1145/1932682.1869489},
	doi = {10.1145/1932682.1869489},
	pages = {341--360},
	number = 10,
	journal = {{ACM} {SIGPLAN} Notices},
	author = {Oliveira, Bruno C.d.S. and Moors, Adriaan and Odersky, Martin},
	urldate = {2023-02-17},
	date = {2010-10-17},
	year = 2010,
	keywords = {abstract datatypes, c++ concepts, scala, type classes}
}



@article{jaffar_efficient_1984,
	title = {Efficient unification over infinite terms},
	volume = 2,
	issn = {1882-7055},
	url = {https://doi.org/10.1007/BF03037057},
	doi = {10.1007/BF03037057},
	pages = {207--219},
	number = 3,
	journal = {New Generation Computing},
	shortjournal = {{NGCO}},
	author = {Jaffar, Joxan},
	date = {1984-09-01},
	year = 1984,
}


@online{leroy_ocaml_2023,
	title = {{OCaml} - The {OCaml} Manual},
	url = {https://v2.ocaml.org/manual/},
	author = {Leroy, Xavier and Doligez, Damien and Frisch, Alain and Garrigue, Jacques and {Rémy}, Didier and Vouillon, {Jérôme}},
	urldate = {2023-02-17},
	year = 2023,
	organization = {Inria}
}


@book{milner_definition_1997,
	edition = {Rev Sub edition},
	title = {The Definition of Standard {ML} - Revised},
	pagetotal = 128,
	publisher = {The {MIT} Press},
	author = {Milner, R. and Milner, Robin and Tofte, Mads and Robert, Harper and {MacQueen}, David},
	date = {1997-05-15},
	note = {Open Library {ID}: {OL}9529854M},
	year = 1997,
	address = {Cambridge, {MA}, {USA}}
}



@article{wells_typability_1999,
	title = {Typability and type checking in System F are equivalent and undecidable},
	volume = 98,
	issn = {0168-0072},
	url = {http://www.sciencedirect.com/science/article/pii/S0168007298000475},
	doi = {10.1016/S0168-0072(98)00047-5},
	pages = {111--156},
	number = 1,
        journal = {Annals of Pure and Applied Logic},
	author = {Wells, J. B.},
	year = 1999
}


@phdthesis{mcbride_dependently_2000,
  title={Dependently typed functional programs and their proofs},
  author={McBride, Conor},
  year=2000,
  note = {ECS-LFCS-00-419},
  school = {Laboratory for Foundations of Computer Science, School of Informatics, University of Edinburgh},
  address={Edinburgh, Scotland},
  url = {http://www.lfcs.inf.ed.ac.uk/reports/00/ECS-LFCS-00-419/}
}

@techreport{cheney_first-class_2003,
	title = {First-Class Phantom Types},
	url = {https://ecommons.cornell.edu/handle/1813/5614},
	number = {{TR}2003-1901},
	type = {Technical Report},
	author = {Cheney, James and Hinze, Ralf},
	year = 2003,
	date = {2003-07-10},
	institution = {Cornell University}
}



@inproceedings{xi_guarded_2003,
	address = {New York, {NY}, {USA}},
	title = {Guarded recursive datatype constructors},
	isbn = {978-1-58113-628-9},
	url = {https://doi.org/10.1145/604131.604150},
	doi = {10.1145/604131.604150},
	series = {{POPL} '03},
	pages = {224--235},
	booktitle = {Proceedings of the 30th {ACM} {SIGPLAN}-{SIGACT} symposium on Principles of programming languages},
	publisher = {Association for Computing Machinery},
	author = {Xi, Hongwei and Chen, Chiyan and Chen, Gang},
	date = {2003-01-15},
	year = 2003
}



@article{zenger_indexed_1997,
	title = {Indexed types},
	volume = {187},
	issn = {0304-3975},
	url = {https://www.sciencedirect.com/science/article/pii/S0304397597000625},
	doi = {10.1016/S0304-3975(97)00062-5},
	pages = {147--165},
	number = {1},
	journal = {Theoretical Computer Science},
	author = {Zenger, Christoph},
	date = {1997-11-15},
	year = 1997,
	langid = {english},
	keywords = {Type inference, Constraints, Dependent types, Functional languages, Type system}
}



@article{burstall_proving_1969,
	title = {Proving Properties of Programs by Structural Induction},
	volume = 12,
	issn = {0010-4620},
	url = {https://doi.org/10.1093/comjnl/12.1.41},
	doi = {10.1093/comjnl/12.1.41},
	pages = {41--48},
	number = 1,
	journal = {The Computer Journal},
	author = {Burstall, R. M.},
	date = {1969-02-01},
	year =  1969
}


@inproceedings{burstall_hope_1980,
	address = {New York, {NY}, {USA}},
	title = {{HOPE}: An experimental applicative language},
	isbn = {978-1-4503-7396-8},
	url = {https://dl.acm.org/doi/10.1145/800087.802799},
	doi = {10.1145/800087.802799},
	series = {{LFP} '80},
	shorttitle = {{HOPE}},
	pages = {136--143},
	booktitle = {Proceedings of the 1980 {ACM} conference on {LISP} and functional programming},
	publisher = {Association for Computing Machinery},
	author = {Burstall, R. M. and {MacQueen}, D. B. and Sannella, D. T.},
	urldate = {2023-04-19},
	date = {1980-08-25},
	year = 1980
}



@article{herlihy_value_1982,
	title = {A Value Transmission Method for Abstract Data Types},
	volume = 4,
	issn = {0164-0925},
	url = {https://dl.acm.org/doi/10.1145/69622.357182},
	doi = {10.1145/69622.357182},
	pages = {527--551},
	number = 4,
	journaltitle = {{ACM} Transactions on Programming Languages and Systems},
	journal = {{ACM} Transactions on Programming Languages and Systems},
	shortjournal = {{ACM} Trans. Program. Lang. Syst.},
	author = {Herlihy, Maurice P. and Liskov, Barbara},
	urldate = {2023-05-03},
	date = {1982-10-01},
	year = 1982
}

@inproceedings{harper_compiling_1995,
	address = {New York, {NY}, {USA}},
	address = {New York, {NY}, {USA}},
	title = {Compiling polymorphism using intensional type analysis},
	isbn = {978-0-89791-692-9},
	url = {https://dl.acm.org/doi/10.1145/199448.199475},
	doi = {10.1145/199448.199475},
	series = {{POPL} '95},
	pages = {130--141},
	booktitle = {Proceedings of the 22nd {ACM} {SIGPLAN}-{SIGACT} symposium on Principles of programming languages},
	publisher = {Association for Computing Machinery},
	author = {Harper, Robert and Morrisett, Greg},
	urldate = {2023-05-03},
	date = {1995-01-25},
	year = 1995
}


@article{sheard_meta-programming_2008,
	title = {Meta-programming With Built-in Type Equality},
	volume = 199,
	issn = {1571-0661},
	url = {https://doi.org/10.1016/j.entcs.2007.11.012},
	doi = {10.1016/j.entcs.2007.11.012},
	series = {Proceedings of the Fourth International Workshop on Logical Frameworks and Meta-Languages ({LFM} 2004)},
	pages = {49--65},
	journaltitle = {Electronic Notes in Theoretical Computer Science},
	journal = {Electronic Notes in Theoretical Computer Science},
	shortjournal = {Electronic Notes in Theoretical Computer Science},
	author = {Sheard, Tim and Pasalic, Emir},
	date = {2008-02-24},
	year = 2008,
}



@inproceedings{hall_type_1994,
	address = {Berlin, Heidelberg},
	title = {Type classes in Haskell},
	isbn = {978-3-540-48376-2},
	doi = {10.1007/3-540-57880-3_16},
	series = {Lecture Notes in Computer Science},
	pages = {241--256},
	booktitle = {Programming Languages and Systems — {ESOP} '94},
	publisher = {Springer},
	author = {Hall, Cordelia and Hammond, Kevin and Jones, Simon Peyton and Wadler, Philip},
	editor = {Sannella, Donald},
	date = 1994,
	year = 1994,
	langid = {english},
	keywords = {Inference Rule, Lambda Calculus, Type Class, Functional Programming, Target Language},
}


@article{jones_practical_2007,
	title = {Practical type inference for arbitrary-rank types},
	volume = 17,
	issn = {1469-7653, 0956-7968},
	url = {https://www.cambridge.org/core/journals/journal-of-functional-programming/article/practical-type-inference-for-arbitraryrank-types/5339FB9DAB968768874D4C20FA6F8CB6},
	doi = {10.1017/S0956796806006034},
	pages = {1--82},
	number = 1,
	journal = {Journal of Functional Programming},
	author = {Jones, Simon Peyton and Vytiniotis, Dimitrios and Weirich, Stephanie and Shields, Mark},
	urldate = {2023-08-24},
	date = {2007-01},
	year = 2007,
	langid = {english},
	note = {Publisher: Cambridge University Press}
}


@article{vytiniotis_outsideinx_2011,
	title = {{OutsideIn}(X) Modular type inference with local assumptions},
	volume = {21},
	issn = {1469-7653, 0956-7968},
	url = {https://www.cambridge.org/core/journals/journal-of-functional-programming/article/outsideinx-modular-type-inference-with-local-assumptions/65110D74CF75563F91F9C68010604329#},
	doi = {10.1017/S0956796811000098},
	pages = {333--412},
	number = {4},
	journal = {Journal of Functional Programming},
	author = {Vytiniotis, Dimitrios and Jones, Simon Peyton and Schrijvers, Tom and Sulzmann, Martin},
	date = {2011-09},
	year = {2011},
	langid = {english},
	note = {Publisher: Cambridge University Press},

}


@article{post_recursive_1947,
         title={Recursive Unsolvability of a problem of Thue},
	 volume=12,
	 DOI={10.2307/2267170},
	 number=1,
	 journal={The Journal of Symbolic Logic},
	 publisher={Cambridge University Press},
	 author={Post, Emil L.},
	 year=1947,
	 pages={1–11}
}


@article{morris_instance_2010,
	title = {Instance chains: type class programming without overlapping instances},
	volume = 45,
	issn = {0362-1340},
	url = {https://doi.org/10.1145/1932681.1863596},
	doi = {10.1145/1932681.1863596},
	shorttitle = {Instance chains},
	pages = {375--386},
	number = 9,
	journal = {{ACM} {SIGPLAN} Notices},
	shortjournal = {{SIGPLAN} Not.},
	author = {Morris, J. Garrett and Jones, Mark P.},
	date = {2010-09-27},
	year = 2010,
	keywords = {haskell, type classes, qualified types, functional dependencies, overlapping instances}
}



@inproceedings{stolarek_injective_2015,
	address = {New York, {NY}, {USA}},
	title = {Injective type families for Haskell},
	isbn = {978-1-4503-3808-0},
	url = {https://doi.org/10.1145/2804302.2804314},
	doi = {10.1145/2804302.2804314},
	series = {Haskell '15},
	pages = {118--128},
	booktitle = {Proceedings of the 2015 {ACM} {SIGPLAN} Symposium on Haskell},
	publisher = {Association for Computing Machinery},
	author = {Stolarek, Jan and Peyton Jones, Simon and Eisenberg, Richard A.},
	date = {2015-08-30},
	year = 2015,
	keywords = {Haskell, functional dependencies, type families, injectivity, type-level programming}
}



@article{kiss_higher-order_2019,
	title = {Higher-order type-level programming in Haskell},
	volume = 3,
	url = {https://dl.acm.org/doi/10.1145/3341706},
	doi = {10.1145/3341706},
	pages = {102:1--102:26},
	issue = {{ICFP}},
	journal = {Proceedings of the {ACM} on Programming Languages},
	shortjournal = {Proc. {ACM} Program. Lang.},
	author  = {Kiss, Csongor and Field, Tony and Eisenbach, Susan and Peyton Jones, Simon},
	urldate = {2023-08-31},
	date = {2019-07-26},
	year = 2019,
	keywords = {Data types and structures, Polymorphism, Reusability, Software and its engineering ? Functional languages}
}



@inproceedings{leroy_applicative_1995,
	address = {New York, {NY}, {USA}},
	title = {Applicative functors and fully transparent higher-order modules},
	isbn = {978-0-89791-692-9},
	url = {https://dl.acm.org/doi/10.1145/199448.199476},
	doi = {10.1145/199448.199476},
	series = {{POPL} '95},
	pages = {142--153},
	booktitle = {Proceedings of the 22nd {ACM} {SIGPLAN}-{SIGACT} symposium on Principles of programming languages},
	publisher = {Association for Computing Machinery},
	author = {Leroy, Xavier},
	year = {1995-01-25}
}


@inproceedings{montagu_modeling_2009,
	address = {New York, {NY}, {USA}},
	title = {Modeling abstract types in modules with open existential types},
	isbn = {978-1-60558-379-2},
	url = {https://dl.acm.org/doi/10.1145/1480881.1480926},
	doi = {10.1145/1480881.1480926},
	series = {{POPL} '09},
	pages = {354--365},
	booktitle = {Proceedings of the 36th annual {ACM} {SIGPLAN}-{SIGACT} symposium on Principles of programming languages},
	publisher = {Association for Computing Machinery},
	author = {Montagu, Benoît and Rémy, Didier},
	year = {2009-01-21},
}


@article{pottier_stratified_2006,
	title = {Stratified type inference for generalized algebraic data types},
	volume = 41,
	issn = {0362-1340},
	url = {https://dl.acm.org/doi/10.1145/1111320.1111058},
	doi = {10.1145/1111320.1111058},
	abstract = {Stratified type inference for generalized algebraic data types.},
	pages = {232--244},
	number = 1,
	journal = {{ACM} {SIGPLAN} Notices},
	shortjournal = {{SIGPLAN} Not.},
	author = {Pottier, François and Régis-Gianas, Yann},
	date = {2006-01-11},
	year = 2006
}



@article{pierce_local_2000,
	title = {Local Type Inference},
	volume = 22,
	issn = {0164-0925},
	url = {http://doi.acm.org/10.1145/345099.345100},
	doi = {10.1145/345099.345100},
	pages = {1--44},
	number = 1,
	journal = {{ACM} Trans. Program. Lang. Syst.},
	author = {Pierce, Benjamin C. and Turner, David N.},
	date = {2000-01},
	year = 2000,
	keywords = {polymorphism, type inference, subtyping}
}


@article{dunfield_bidirectional_2021,
	title = {Bidirectional Typing},
	volume = 54,
	issn = {0360-0300},
	url = {https://dl.acm.org/doi/10.1145/3450952},
	doi = {10.1145/3450952},
	pages = {98:1--98:38},
	number = 5,
	journal = {{ACM} Computing Surveys},
	author = {Dunfield, Jana and Krishnaswami, Neel},
	date = {2021-05-25},
	year = 2021,
	keywords = {type inference, Type checking},
}
